@book{robert2004monte
,	title	= {Monte Carlo Statistical Methods}
,	author	= {Robert, Christian P. and Casella, George}
,	year	= {2004}
,	publisher	= {Springer}
}

@book{wickham2015rpck
,	Author = {Hadley Wickham}
,	Title = {R Packages: Organize, Test, Document, and Share Your Code}
,  	Publisher = {O'Reilly Media}
,  	Year = {2015}
,  	ISBN = {1491910593}
,  	URL = {http://r-pkgs.had.co.nz/}
}

@book{devroye1986non
,	title	= {Non-Uniform Random Variate Generation}
,	author	= {Devroye, Luc}
,	volume	= {4}
,	year	= {1986}
,	publisher	= {Springer-Verlag New York}
}

@book{ross2009introduction
,	title	= {Introduction to Probability Models}
,	author	= {Ross, Sheldon M.}
,	year	= {2014}
,   edition = {11}
,	publisher	= {Academic Press}
}

@book{rudin1987real
,	title	= {Real and Complex Analysis}
,	author	= {Rudin, Walter}
,	year	= {1987}
,	publisher	= {Tata McGraw-Hill Education}
}

@book{deboor1978splines
,  title	= {A Practical Guide to Splines}
,  author	= {De Boor, Carl}
,  volume	= {27}
,  year = {1978}
,  publisher	= {Springer-Verlag New York}
}

@book{hardle2004semiparametric
,	title	= {Nonparametric and Semiparametric Models}
,	author	= {Härdle, Wolfgang and Müller, Marlene and Sperlich, Stefan and Werwatz, Axel}
,	publisher	= {Springer-Verlag New York}
,	year	= {2004}
}

@book{hastie2008elements
,	author	= {Hastie, Trevor and Tibshirani, Robert and Friedman, Jerome}
,	publisher	= {Springer, Series in Statistics}
,	title	= {The Elements of Statistical Learning}
,	year	= {2008}
}

@book{wahba1990splines
, 	author	= {Wahba, Grace}
, 	publisher 	= {Society for Industrial \& Applied Mathematics}
,  	title 	= {Spline Models for Observational Data}
,  	volume	= {59}
,  	year 	= {1990}
}

@book{james2013introduction
,	title	= {An Introduction to Statistical Learning}
,	author	= {James, Gareth and Witten, Daniela and Hastie, Trevor and Tibshirani, Robert}
,	year	= {2013}
,	publisher	= {Springer}
}

@book{wasserman2007all
,	title	= {All of Nonparametric Statistics}
,	author	= {Wasserman, Larry}
,	year	= {2007}
,	publisher	= {Springer}
}

@book{barber2010bayesian
,	title	= {Bayesian Reasoning and Machine Learning}
,	author	= {Barber, David}
,	year	= {2010}
,	publisher	= {Cambridge University Press}
}

@book{maccullagh1989generalized
, 	title 	= {Generalized Linear Models}
, 	author	= {McCullagh, Peter and Nelder, John A.}
, 	year  	= {1989}
, 	publisher 	= {Chapman \& Hall, London}
}

@book{cox1971analysis
, 	title 	= {Analysis of Binary Data}
, 	author  = {Cox, David R. and Snell, E. Joyce}
, 	year  	= {1971}
, 	publisher = {Chapman \& Hall, London}
}

@book{sundberg2016exponential 
,	year	= {2016}
,	title	= {Statistical Modelling by Exponential Families, Lecture Notes}
,	publisher	= {Stockholm University}
,	author	= {Sundberg, Rolf}
}

@book{mendoza2011estadistica,
  title={Estad{\'i}stica Bayesiana},
  author={Mendoza, Manuel and Regueiro, Pedro},
  publisher={Instituto Teconol{\'o}gico Autónomo de M{\'e}xico},
  year={2011}
}

@book{bernardo2001bayesian,
  title={Bayesian Theory},
  author={Bernardo, Jos{\'e} M. and Smith, Adrian F. M.},
  year={2001},
  publisher={John Wiley \& Sons}
}

@book{bishop2006pattern
,	author	= {Bishop, Christopher M.}
,	publisher	= {Springer}
,	title	= {Pattern Recognition and Machine Learning}
,	year	= {2006}
}

@book{alpaydin2014introduction
,	title	= {Introduction to Machine Learning}
,	author	= {Alpaydin, Ethem}
,	year	= {2014}
,	publisher	= {MIT press}
}

@book{hastie1990generalized
,	title	= {Generalized Additive Models}
,	author	= {Hastie, Trevor and Tibshirani, Robert}
,	year	= {1990}
,	publisher	= {Chapman \& Hall, London}
}

@book{breiman1984classification
,	title	= {Classification and Regression Trees}
,	author	= {Breiman, Leo and Friedman, Jerome and Stone, Charles J. and Olshen, Richard A.}
,	year	= {1984}
,	publisher	= {CRC press}
}

@book{nielsen2015neural
, 	title	= {Neural Networks and Deep Learning}
, 	url 	= {http://neuralnetworksanddeeplearning.com/}
, 	publisher 	= {Determination Press}
,   author	= {Nielsen, Michael A.}
, 	year	= {2015}
}

@book{green1994nonparametric
, 	title 	= {Nonparametric Regression and Generalized Linear Models: A Roughness Penalty Approach}
,	author 	= {Green, Peter J. and Silverman, Bernard W.}
, 	publisher = {Chapman \& Hall, London}
,	year = {1994}
}

@article{box1976science
, 	title	= {Science and Statistics}
,  	author	= {Box, George E. P.}
,  	journal = {Journal of the American Statistical Association}
,  	volume	= {71}
,  	number 	= {356}
,  	pages	= {791--799}
,  	year	= {1976}
, 	publisher	= {Taylor \& Francis}
}

@article{friedman1991multivariate
,	author	= {Friedman, Jerome}
,	title	= {Multivariate Adaptive Regression Splines}
,	journal	= {The Annals of Statistics}
,	year	= {1991}
,	pages	= {1--67}
,	publisher	= {JSTOR}
}

@article{tibshirani1996regression
, 	title	= {Regression Shrinkage and Selection via the Lasso}
,  	author	= {Tibshirani, Robert}
,  	journal = {Journal of the Royal Statistical Society: Series B (Methodological)}
,  	volume	= {58}
,  	number	= {1}
,  	pages 	= {267--288}
,  	year	= {1996}

,  	publisher	= {Wiley Online Library}
}

@article{hoerl1970ridge
,	title	= {Ridge Regression: Biased Rstimation for Nonorthogonal Problems}
,	author	= {Hoerl, Arthur E. and Kennard, Robert W.}
,	journal	= {Technometrics}
,	volume	= {12}
,	number	= {1}
,	pages	= {55--67}
,	year	= {1970}
,	publisher	= {Taylor \& Francis Group}
}

@article{o2009review
,	title	= {A Review of Bayesian Variable Selection Methods: What, How and Which}
,  	author	= {O'Hara, Robert B. and Sillanp{\"a}{\"a}, Mikko J. and others}
,  	journal = {Bayesian Analysis}
,  	volume	= {4}
,  	number	= {1}
,  	pages	= {85--117}
,  	year	= {2009}
,  	publisher	= {International Society for Bayesian Analysis}
}

@article{mallik1998automatic
,	title = {Automatic Bayesian Curve Fitting}
,  	author = {Denison, David G. T. and Mallick, Bani K. and Smith, Adrian F. M.}
,  	journal = {Journal of the Royal Statistical Society: Series B (Statistical Methodology)}
,  	volume = {60}
,  	number = {2}
,  	pages = {333--350}
,  	year = {1998}
,  	publisher = {Wiley Online Library}
}

@article{albert1993bayesian
,	title	= {Bayesian Analysis of Binary and Polychotomous Response Data}
,	author	= {Albert, James H. and Chib, Siddhartha}
,	journal	= {Journal of the American Statistical Association}
,	pages	= {669--679}
,	year	= {1993}
,	publisher	= {JSTOR}
}

@article{bergstrom1985estimation
,	src	= {repec.org}
,	title	= {The Estimation of Nonparametric Functions in a Hilbert Space}
,	author	= {Bergstrom, Albert R.}
,	journal	= {Econometric Theory}
,	year	= {1985}
,	volume	= {1}
,	issue	= {01}
,	pages	= {7--26}
}

@article{stone1985additive
,  	title	= {Additive Regression and Other Nonparametric Models}
,  	author	= {Stone, Charles J.}
,  	journal = {The Annals of Statistics}
,  	pages	= {689--705}
, 	year	= {1985}
, 	publisher	= {JSTOR}
}

@article{hastie1986generalized
,	title	= {Generalized Additive Models}
,	author	= {Hastie, Trevor and Tibshirani, Robert}
,	journal	= {Statistical Science}
,	pages	= {297--310}
,	year	= {1986}
,	publisher	= {JSTOR}
}

@article{schoenberg1964spline
,	title	= {Spline Interpolation and the Higher Derivatives}
,	author	= {Schoenberg, Isaac J.}
,	journal	= {Proceedings of the National Academy of Sciences of the United States of America}
,	volume	= {51}
,	number	= {1}
,	year	= {1964}
,	month	= {1}
,	pages	= {24--8}
,	pmid	= {16591133}
}

@article{tierney1994markov
,	title	= {Markov Chains for Exploring Posterior Distributions}
,	author	= {Tierney, Luke}
,	journal	= {The Annals of Statistics}
,	pages	= {1701--1728}
,	year	= {1994}
,	publisher	= {JSTOR}
}

@article{casella1992explaing
,	title	= {Explaing the Gibbs Sampler}
,	author	= {Casella, George and George, Edward I.}
,	journal	= {The American Statistician}
,	volume	= {46}
,	number	= {3}
,	pages	= {167--174}
,	year	= {1992}
,	publisher	= {Taylor \& Francis}
}

@article{gelfand1990sampling
,	author	= {Gelfand, Alan E. and Smith, Adrian F. M.}
,	journal	= {Journal of the American Statistical Association}
,	number	= {410}
,	pages	= {398--409}
,	title	= {Sampling-Based Approaches to Calculating Marginal Densities}
,	volume	= {85}
,	year	= {1990}
}

@article{bennett1992robust
,  	title	= {Robust Linear Programming Discrimination of Two Linearly Inseparable Sets}
, 	author	= {Bennett, Kristin P. and Mangasarian, Olvi L.}
,  	journal = {Optimization Methods and Software}
,  	volume	= {1}
,  	number	= {1}
,  	pages	= {23--34}
,  	year	= {1992}
,  	publisher	= {Taylor \& Francis}
}

@article{mangasarian1990pattern
,	title 	= {Pattern Recognition Via Linear Programming: Theory and Application to Medical Diagnosis}
,  	author	= {Mangasarian, Olvi L. and Setiono, Rudy and Wolberg, William H.}
,  	journal = {Large-scale Numerical Optimization}
,  	pages  	= {22--31}
,  	year	= {1990}
}

@article{cleveland1988locally
,	title	= {Locally Weighted Regression: an Approach to Regression Analysis by Local fitting}
,	author	= {Cleveland, William S. and Devlin, Susan J.}
,	journal	= {Journal of the American Statistical Association}
,	pages	= {596--610}
,	year	= {1988}
,	publisher	= {JSTOR}
}

@article{madan2015automated
,  	title	= {Automated bitcoin trading via machine learning algorithms}
,  	author	= {Madan, Isaac and Saluja, Shaurya and Zhao, Aojia}
,  	url 	= {http://cs229.stanford.edu/proj2014/Isaac%20Madan,%20Shaurya%20Saluja,%20Aojia%20Zhao,Automated%20Bitcoin%20Trading%20via%20Machine%20Learning%20Algorithms.pdf}
,  	volume	= {20}
,  	year	= {2015}
}

@misc{banerjee2008gory
,	title	= {Bayesian Linear Model: Gory Details}
,	author	= {Banerjee, Sudipto}
,	year	= {2008}
,	publisher	= {University of Minnesota, School of Public Health Biostatistics Division}
,	url = {http://www.biostat.umn.edu/~ph7440/pubh7440/BayesianLinearModelGoryDetails.pdf}
,	note = "[En Linea; accedido el 10 de Mayo, 2018]"	
}

@misc{andrew2018ml
, 	author	= {Ng, Andrew}
,	title   = {Machine Learning}
,  	year    = {2018}
,  	publisher = {Stanford University}
,  	howpublished = "Coursera Online Course, \url{https://www.coursera.org/learn/machine-learning}"
,  	note 	= "[En Linea; accedido en primavera del 2018]"
}

@misc{3blue1brown2017
,	title	= {But what *is* a Neural Network? | Deep learning, Chapter 1}
,	url 	= {https://www.youtube.com/watch?v=aircAruvnKk}
,	journal = {YouTube}
,	publisher = {YouTube}
,	author	= {Sanderson, Grant}
,	year	= {2017}
,	month	= {10}
}

@misc{bernardo2003bayesian
,  title	= {Bayesian Statistics. Encyclopedia of Life Support Systems (EOLSS). Probability and Statistics}
,  author	= {Bernardo, Jos{\'e} M.}
,  year		= {2003}
,  publisher = {UNESCO, Oxford, UK.< http://www. uv. es/\~{} bernardo/BayesStat2. pdf}
}

@inproceedings{shah2014bayesian
,	title	= {Bayesian Regression and Bitcoin}
,  	author 	= {Shah, Devavrat and Zhang, Kang}
,  	booktitle = {Communication, Control, and Computing (Allerton), 2014 52nd Annual Allerton Conference on}
,  	pages	= {409--414}
,  	year	= {2014}
,  	organization = {IEEE}
}

@online{sirignano2017deep
,	author 	= {Sirignano, Justin}
,  	title 	= {Deep Learning Models in Finance}
,  	year 	= {2017}
,  	url 	= {https://sinews.siam.org/Details-Page/deep-learning-models-in-finance-2}
,  	urldate = {2010-06-01}
,  	publisher = {SIAM News}
}